
@article{ZhZh21,
  year    = {2021},
  title   = {{Maximizing Influence of Leaders in Social Networks}},
  author  = {Zhou, Xiaotian and Zhang, Zhongzhi},
  journal = {Proceedings of the 27th ACM SIGKDD Conference on Knowledge Discovery \& Data Mining},
  doi     = {10.1145/3447548.3467229},
  eprint  = {2106.06128},
  pages   = {2400--2408}
}
@article{ZhXuZh20,
  year     = {2020},
  keywords = {Hitting Time,Kemeny,SDD Solver},
  title    = {{Nearly Linear Time Algorithm for Mean Hitting Times of Random Walks on a Graph}},
  author   = {Zhang, Zuobai and Xu, Wanyue and Zhang, Zhongzhi},
  journal  = {Proceedings of the 13th International Conference on Web Search and Data Mining},
  doi      = {10.1145/3336191.3371777},
  pages    = {726--734}
}
@article{LiPeShYiZh19,
  year    = {2019},
  title   = {{Current Flow Group Closeness Centrality for Complex Networks?}},
  author  = {Li, Huan and Peng, Richard and Shan, Liren and Yi, Yuhao and Zhang, Zhongzhi},
  journal = {The World Wide Web Conference on - WWW '19},
  doi     = {10.1145/3308558.3313490},
  eprint  = {1802.02556},
  pages   = {961--971}
}