
@inproceedings{ZhZh21,
  author    = {Xiaotian Zhou and
               Zhongzhi Zhang},
  title     = {Maximizing Influence of Leaders in Social Networks},
  booktitle = {{KDD} '21: The 27th {ACM} {SIGKDD} Conference on Knowledge Discovery
               and Data Mining, Virtual Event, Singapore, August 14-18, 2021},
  pages     = {2400--2408},
  publisher = {{ACM}},
  year      = {2021},
  url       = {https://doi.org/10.1145/3447548.3467229},
  doi       = {10.1145/3447548.3467229}
}
@inproceedings{ZhXuZh20,
  author    = {Zuobai Zhang and
               Wanyue Xu and
               Zhongzhi Zhang},
  title     = {Nearly Linear Time Algorithm for Mean Hitting Times of Random Walks
               on a Graph},
  booktitle = {{WSDM} '20: The Thirteenth {ACM} International Conference on Web Search
               and Data Mining, Houston, TX, USA, February 3-7, 2020},
  pages     = {726--734},
  publisher = {{ACM}},
  year      = {2020},
  url       = {https://doi.org/10.1145/3336191.3371777},
  doi       = {10.1145/3336191.3371777}
}
@inproceedings{LiPeShYiZh19,
  author    = {Huan Li and
               Richard Peng and
               Liren Shan and
               Yuhao Yi and
               Zhongzhi Zhang},
  title     = {Current Flow Group Closeness Centrality for Complex Networks?},
  booktitle = {The World Wide Web Conference, {WWW} 2019, San Francisco, CA, USA,
               May 13-17, 2019},
  pages     = {961--971},
  publisher = {{ACM}},
  year      = {2019},
  url       = {https://doi.org/10.1145/3308558.3313490},
  doi       = {10.1145/3308558.3313490}
}
@book{KeSn76,
  title     = {Finite Markov Chains},
  author    = {Kemeny, John G and Snell, James Laurie},
  year      = 1976,
  publisher = {Springer, New York}
}
@article{NeWoFi78,
  author  = {George L. Nemhauser and
             Laurence A. Wolsey and
             Marshall L. Fisher},
  title   = {An analysis of approximations for maximizing submodular set functions
             - {I}},
  journal = {Math. Program.},
  volume  = {14},
  number  = {1},
  pages   = {265--294},
  year    = {1978},
  url     = {https://doi.org/10.1007/BF01588971},
  doi     = {10.1007/BF01588971}
}
@article{JoLi84,
  title   = {Extensions of Lipschitz mappings into a Hilbert space},
  author  = {Johnson, William B and Lindenstrauss, Joram},
  journal = {Contemporary Mathematics},
  volume  = {26},
  pages   = {189-206},
  year    = {1984}
}
@inproceedings{CoKyMiPaPeRaSu14,
  author    = {Michael B. Cohen and
               Rasmus Kyng and
               Gary L. Miller and
               Jakub W. Pachocki and
               Richard Peng and
               Anup B. Rao and
               Shen Chen Xu},
  title     = {Solving {SDD} linear systems in nearly \emph{m}log\({}^{\mbox{1/2}}\)\emph{n}
               time},
  booktitle = {Symposium on Theory of Computing, {STOC} 2014, New York, NY, USA,
               May 31 - June 03, 2014},
  pages     = {343--352},
  publisher = {{ACM}},
  year      = {2014},
  url       = {https://doi.org/10.1145/2591796.2591833},
  doi       = {10.1145/2591796.2591833}
}
@article{SpTe14,
  author  = {Daniel A. Spielman and
             Shang{-}Hua Teng},
  title   = {Nearly Linear Time Algorithms for Preconditioning and Solving Symmetric,
             Diagonally Dominant Linear Systems},
  journal = {{SIAM} J. Matrix Anal. Appl.},
  volume  = {35},
  number  = {3},
  pages   = {835--885},
  year    = {2014},
  url     = {https://doi.org/10.1137/090771430},
  doi     = {10.1137/090771430}
}
@inproceedings{Ku13,
  title     = {{KONECT} -- {The} {Koblenz} {Network} {Collection}},
  author    = {J\'{e}r\^{o}me Kunegis},
  year      = {2013},
  booktitle = {Proc. Int. Conf. on World Wide Web Companion},
  pages     = {1343--1350},
  url       = {http://dl.acm.org/citation.cfm?id=2488173}
}
@misc{LeKr14,
  author       = {Jure Leskovec and Andrej Krevl},
  title        = {{SNAP Datasets}: {Stanford} Large Network Dataset Collection},
  howpublished = {\url{http://snap.stanford.edu/data}},
  month        = jun,
  year         = 2014
}

@inproceedings{YiGuWeTiHa10,
  author    = {Zhijun Yin and
               Manish Gupta and
               Tim Weninger and
               Jiawei Han},
  title     = {A Unified Framework for Link Recommendation Using Random Walks},
  booktitle = {International Conference on Advances in Social Networks Analysis and
               Mining, {ASONAM} 2010, Odense, Denmark, August 9-11, 2010},
  pages     = {152--159},
  publisher = {{IEEE} Computer Society},
  year      = {2010},
  url       = {https://doi.org/10.1109/ASONAM.2010.27},
  doi       = {10.1109/ASONAM.2010.27}
}
@article{HuWaYeChLa16,
  author  = {Kai{-}Lung Hua and
             Hong{-}Cyuan Wang and
             Chih{-}Hsiang Yeh and
             Wen{-}Huang Cheng and
             Yu{-}Chi Lai},
  title   = {Background Extraction Using Random Walk Image Fusion},
  journal = {{IEEE} Trans. Cybern.},
  volume  = {48},
  number  = {1},
  pages   = {423--435},
  year    = {2018},
  url     = {https://doi.org/10.1109/TCYB.2016.2640288},
  doi     = {10.1109/TCYB.2016.2640288}
}

@inproceedings{XuZhXiYu14,
  author    = {Chuan Xu and
               Guofeng Zhao and
               Gaogang Xie and
               Shui Yu},
  title     = {Detection on application layer DDoS using random walk model},
  booktitle = {{IEEE} International Conference on Communications, {ICC} 2014, Sydney,
               Australia, June 10-14, 2014},
  pages     = {707--712},
  publisher = {{IEEE}},
  year      = {2014},
  url       = {https://doi.org/10.1109/ICC.2014.6883402},
  doi       = {10.1109/ICC.2014.6883402}
}
@inproceedings{WaJiZhZh10,
  author    = {Changhu Wang and
               Feng Jing and
               Lei Zhang and
               HongJiang Zhang},
  title     = {Image annotation refinement using random walk with restarts},
  booktitle = {Proceedings of the 14th {ACM} International Conference on Multimedia,
               Santa Barbara, CA, USA, October 23-27, 2006},
  pages     = {647--650},
  publisher = {{ACM}},
  year      = {2006},
  url       = {https://doi.org/10.1145/1180639.1180774},
  doi       = {10.1145/1180639.1180774}
}
@inproceedings{LiPeMaQiWeQi10,
  author    = {Gu{-}Li Lin and
               Hong Peng and
               Qian{-}Li Ma and
               Jia Wei and
               Jiang{-}Wei Qin},
  title     = {Improving diversity in Web search results re-ranking using absorbing
               random walks},
  booktitle = {International Conference on Machine Learning and Cybernetics, {ICMLC}
               2010, Qingdao, China, July 11-14, 2010, Proceedings},
  pages     = {2116--2421},
  publisher = {{IEEE}},
  year      = {2010},
  url       = {https://doi.org/10.1109/ICMLC.2010.5580733},
  doi       = {10.1109/ICMLC.2010.5580733}
}
@article{GoViHuRa10,
  author  = {Viswanath Gopalakrishnan and
             Yiqun Hu and
             Deepu Rajan},
  title   = {Random Walks on Graphs for Salient Object Detection in Images},
  journal = {{IEEE} Trans. Image Process.},
  volume  = {19},
  number  = {12},
  pages   = {3232--3242},
  year    = {2010},
  url     = {https://doi.org/10.1109/TIP.2010.2053940},
  doi     = {10.1109/TIP.2010.2053940}
}
@article{ZeCaZhGuXi10,
  author  = {Yingpei Zeng and
             Jiannong Cao and
             Shigeng Zhang and
             Shanqing Guo and
             Li Xie},
  title   = {Random-walk based approach to detect clone attacks in wireless sensor
             networks},
  journal = {{IEEE} J. Sel. Areas Commun.},
  volume  = {28},
  number  = {5},
  pages   = {677--691},
  year    = {2010},
  url     = {https://doi.org/10.1109/JSAC.2010.100606},
  doi     = {10.1109/JSAC.2010.100606}
}

@article{BoRaZh11,
  year    = {2011},
  month   = {7},
  title   = {{Commute times for a directed graph using an asymmetric Laplacian}},
  author  = {Boley, Daniel and Ranjan, Gyan and Zhang, Zhi-Li},
  journal = {Linear Algebra and its Applications},
  issn    = {0024-3795},
  doi     = {10.1016/j.laa.2011.01.030},
  pages   = {224--242},
  number  = {2},
  volume  = {435}
}


@article{Hu14,
  year    = {2014},
  month   = {3},
  title   = {{The Role of Kemeny's Constant in Properties of Markov Chains}},
  author  = {Hunter, Jeffrey J.},
  journal = {Communications in Statistics - Theory and Methods},
  issn    = {0361-0926},
  doi     = {10.1080/03610926.2012.741742},
  eprint  = {1208.4716},
  pages   = {1309--1321},
  number  = {7},
  volume  = {43}
}

@article{Cv80,
  title  = {Spectra of graphs. Theory and application},
  author = {Cvetkovic, Dragos M and others},
  year   = {1980}
}


@inproceedings{MaMaGi15,
  author    = {Charalampos Mavroforakis and
               Michael Mathioudakis and
               Aristides Gionis},
  title     = {Absorbing Random-Walk Centrality: Theory and Algorithms},
  booktitle = {2015 {IEEE} International Conference on Data Mining, {ICDM} 2015,
               Atlantic City, NJ, USA, November 14-17, 2015},
  pages     = {901--906},
  publisher = {{IEEE} Computer Society},
  year      = {2015},
  url       = {https://doi.org/10.1109/ICDM.2015.103},
  doi       = {10.1109/ICDM.2015.103}
}
@article{RaZh13,
  year     = {2013},
  title    = {{Geometry of complex networks and topological centrality}},
  author   = {Ranjan, Gyan and Zhang, Zhi-Li},
  journal  = {Physica A: Statistical Mechanics and its Applications},
  issn     = {0378-4371},
  doi      = {10.1016/j.physa.2013.04.013},
  pages    = {3833--3845},
  number   = {17},
  volume   = {392},
  keywords = {}
}
@inproceedings{RoGl16,
  author    = {Nir Rosenfeld and
               Amir Globerson},
  title     = {Optimal Tagging with Markov Chain Optimization},
  booktitle = {Advances in Neural Information Processing Systems 29: Annual Conference
               on Neural Information Processing Systems 2016, December 5-10, 2016,
               Barcelona, Spain},
  pages     = {1307--1315},
  year      = {2016},
  url       = {https://proceedings.neurips.cc/paper/2016/hash/c8ed21db4f678f3b13b9d5ee16489088-Abstract.html}
}
@inproceedings{GaLePaGoLiZh15,
  author    = {Golshan Golnari and
               Yanhua Li and
               Zhi{-}Li Zhang},
  title     = {Pivotality of Nodes in Reachability Problems Using Avoidance and Transit
               Hitting Time Metrics},
  booktitle = {Proceedings of the 24th International Conference on World Wide Web
               Companion, {WWW} 2015, Florence, Italy, May 18-22, 2015 - Companion
               Volume},
  pages     = {1073--1078},
  publisher = {{ACM}},
  year      = {2015},
  url       = {https://doi.org/10.1145/2740908.2744713},
  doi       = {10.1145/2740908.2744713}
}
@inproceedings{LiYuHuCh14,
  author    = {Rong{-}Hua Li and
               Jeffrey Xu Yu and
               Xin Huang and
               Hong Cheng},
  title     = {Random-walk domination in large graphs},
  booktitle = {{IEEE} 30th International Conference on Data Engineering, Chicago,
               {ICDE} 2014, IL, USA, March 31 - April 4, 2014},
  pages     = {736--747},
  publisher = {{IEEE} Computer Society},
  year      = {2014},
  url       = {https://doi.org/10.1109/ICDE.2014.6816696},
  doi       = {10.1109/ICDE.2014.6816696}
}
@article{MoBaZhPe20,
  author  = {Songsong Mo and
             Zhifeng Bao and
             Ping Zhang and
             Zhiyong Peng},
  title   = {Towards an Efficient Weighted Random Walk Domination},
  journal = {Proc. {VLDB} Endow.},
  volume  = {14},
  number  = {4},
  pages   = {560--572},
  year    = {2020},
  url     = {http://www.vldb.org/pvldb/vol14/p560-mo.pdf},
  doi     = {10.14778/3436905.3436915}
}


@inproceedings{FaWaBoCaMa22,
  author    = {Francesco Fabbri and
               Yanhao Wang and
               Francesco Bonchi and
               Carlos Castillo and
               Michael Mathioudakis},
  title     = {Rewiring What-to-Watch-Next Recommendations to Reduce Radicalization
               Pathways},
  booktitle = {{WWW} '22: The {ACM} Web Conference 2022, Virtual Event, Lyon, France,
               April 25 - 29, 2022},
  pages     = {2719--2728},
  publisher = {{ACM}},
  year      = {2022},
  url       = {https://doi.org/10.1145/3485447.3512143},
  doi       = {10.1145/3485447.3512143}
}


@inproceedings{GiBaRa21,
  author    = {Iqra Altaf Gillani and
               Amitabha Bagchi and
               Sayan Ranu},
  title     = {A Group-to-Group Version of Random Walk Betweenness Centrality},
  booktitle = {{CODS-COMAD} 2021: 8th {ACM} {IKDD} {CODS} and 26th COMAD, Virtual
               Event, Bangalore, India, January 2-4, 2021},
  pages     = {127--135},
  publisher = {{ACM}},
  year      = {2021},
  url       = {https://doi.org/10.1145/3430984.3431020},
  doi       = {10.1145/3430984.3431020}
}
@inproceedings{WaRaSk19,
  author    = {Tomasz Was and
               Talal Rahwan and
               Oskar Skibski},
  title     = {Random Walk Decay Centrality},
  booktitle = {The Thirty-Third {AAAI} Conference on Artificial Intelligence, {AAAI}
               2019, The Thirty-First Innovative Applications of Artificial Intelligence
               Conference, {IAAI} 2019, The Ninth {AAAI} Symposium on Educational
               Advances in Artificial Intelligence, {EAAI} 2019, Honolulu, Hawaii,
               USA, January 27 - February 1, 2019},
  pages     = {2197--2204},
  publisher = {{AAAI} Press},
  year      = {2019},
  url       = {https://doi.org/10.1609/aaai.v33i01.33012197},
  doi       = {10.1609/aaai.v33i01.33012197}
}

@article{ZhLuWaGu17,
  author     = {Junzhou Zhao and
                John C. S. Lui and
                Pinghui Wang and
                Xiaohong Guan},
  title      = {Towards Efficient Node Discoverability Optimization on Large Networks},
  journal    = {CoRR},
  volume     = {abs/1703.04307},
  year       = {2017},
  url        = {http://arxiv.org/abs/1703.04307},
  eprinttype = {arXiv},
  eprint     = {1703.04307},
  timestamp  = {Mon, 13 Aug 2018 16:46:09 +0200},
  biburl     = {https://dblp.org/rec/journals/corr/ZhaoLWG17.bib},
  bibsource  = {dblp computer science bibliography, https://dblp.org}
}

@article{GaKySp23,
  author     = {Yuan Gao and
                Rasmus Kyng and
                Daniel A. Spielman},
  title      = {Robust and Practical Solution of Laplacian Equations by Approximate
                Elimination},
  journal    = {CoRR},
  volume     = {abs/2303.00709},
  year       = {2023},
  url        = {https://doi.org/10.48550/arXiv.2303.00709},
  doi        = {10.48550/arXiv.2303.00709},
  eprinttype = {arXiv},
  eprint     = {2303.00709},
  timestamp  = {Mon, 06 Mar 2023 16:51:26 +0100},
  biburl     = {https://dblp.org/rec/journals/corr/abs-2303-00709.bib},
  bibsource  = {dblp computer science bibliography, https://dblp.org}
}

% Nearly Linear Time Algorithm for Mean Hitting Times of Random Walks on a Graph

@inproceedings{Ac01,
  title        = {Database-friendly random projections},
  author       = {Achlioptas, Dimitris},
  booktitle    = {Proceedings of the twentieth ACM SIGMOD-SIGACT-SIGART Symposium on Principles of Database Systems},
  pages        = {274--281},
  year         = {2001},
  organization = {ACM}
}

@article{BaBaPaVe04,
  author                     = {Barrat, A and Barthelemy, M and Pastor-Satorras, R and Vespignani, A},
  title                      = {{The architecture of complex weighted networks}},
  journal                    = {{Proceedings of the National Academy of Sciences of the United States of America}},
  year                       = {{2004}},
  volume                     = {{101}},
  number                     = {{11}},
  pages                      = {{3747-3752}},
  month                      = {{MAR 16}},
  publisher                  = {{NATL ACAD SCIENCES}},
  address                    = {{2101 CONSTITUTION AVE NW, WASHINGTON, DC 20418 USA}},
  type                       = {{Article}},
  language                   = {{English}},
  affiliation                = {{Vespignani, A (Reprint Author), Univ Paris 11, UMR CNRS 8627, Phys Theor Lab, Batiment 210, F-91405 Orsay, France.
                                Univ Paris 11, UMR CNRS 8627, Phys Theor Lab, F-91405 Orsay, France.
                                CEA, Dept Phys Theor \& Appl, F-91191 Gif Sur Yvette, France.
                                Univ Politecn Cataluna, Dept Fis \& Engn Nucl, ES-08034 Barcelona, Spain.}},
  doi                        = {{10.1073/pnas.0400087101}},
  issn                       = {{0027-8424}},
  keywords-plus              = {{SMALL-WORLD NETWORKS; BETWEENNESS; CENTRALITY}},
  research-areas             = {{Science \& Technology - Other Topics}},
  web-of-science-categories  = {{Multidisciplinary Sciences}},
  author-email               = {{alexv@th.u-psud.fr}},
  researcherid-numbers       = {{Vespignani, Alessandro/A-8794-2009
                                barthelemy, marc/B-3942-2008
                                Pastor-Satorras, Romualdo/L-8837-2013
                                }},
  orcid-numbers              = {{Pastor-Satorras, Romualdo/0000-0002-4051-6007
                                Vespignani, Alessandro/0000-0003-3419-4205}},
  number-of-cited-references = {{24}},
  times-cited                = {{1543}},
  usage-count-last-180-days  = {{10}},
  usage-count-since-2013     = {{228}},
  journal-iso                = {{Proc. Natl. Acad. Sci. U. S. A.}},
  doc-delivery-number        = {{804QZ}},
  unique-id                  = {{ISI:000220314500008}},
  oa                         = {{gold\_or\_bronze}},
  da                         = {{2018-08-12}}
}

@book{BeGrTh74,
  title     = {Generalized inverses: theory and applications},
  author    = {Ben-Israel, Adi and Greville, Thomas N. E},
  publisher = {J. Wiley},
  pages     = {406-413},
  year      = {1974}
}

@article{Be09,
  title     = {Centers for random walks on trees},
  author    = {Beveridge, Andrew},
  journal   = {SIAM Journal on Discrete Mathematics},
  volume    = {23},
  number    = {1},
  pages     = {300--318},
  year      = {2009},
  publisher = {SIAM}
}

@article{Be16,
  title     = {A Hitting Time Formula for the Discrete {G}reen's Function},
  author    = {Beveridge, Andrew},
  journal   = {Combinatorics, Probability and Computing},
  volume    = {25},
  number    = {3},
  pages     = {362--379},
  year      = {2016},
  publisher = {Cambridge University Press}
}

@inproceedings{ChLiTa08,
  title        = {Clustering via Random Walk Hitting Time on Directed Graphs},
  author       = {Chen, M. and Liu, J.  Z. and Tang, X.},
  booktitle    = {Proceedings of the Twenty-Third AAAI Conference on Artificial Intelligence},
  pages        = {616--621},
  year         = {2008},
  organization = {AAAI}
}

@book{Ch97,
  title     = {Spectral Graph Theory},
  author    = {Chung, Fan RK},
  year      = {1997},
  publisher = {American Mathematical Society, Providence, RI}
}

@article{CoBeTeVoKl07,
  title     = {First-passage times in complex scale-invariant media},
  author    = {Condamin, S and B{\'e}nichou, O and Tejedor, V and Voituriez, R and Klafter, J},
  journal   = {Nature},
  volume    = {450},
  number    = {7166},
  pages     = {77-80},
  year      = {2007},
  publisher = {Nature Publishing Group}
}

@book{DoSn84,
  title     = {Random walks and electric networks},
  author    = {Doyle, Peter G and Snell, J Laurie},
  volume    = {22},
  year      = {1984},
  publisher = {American Mathematical Soc.}
}

@article{FoPiReSa07,
  title     = {Random-walk computation of similarities between nodes of a graph with application to collaborative recommendation},
  author    = {Fouss, Francois and Pirotte, Alain and Renders, J-M and Saerens, Marco},
  journal   = {IEEE Transactions on Knowledge and Data Engineering},
  volume    = {19},
  number    = {3},
  pages     = {355--369},
  year      = {2007},
  publisher = {IEEE}
}

@article{GhBoSa08,
  title     = {Minimizing effective resistance of a graph},
  author    = {Ghosh, Arpita and Boyd, Stephen and Saberi, Amin},
  journal   = {SIAM Review},
  volume    = {50},
  number    = {1},
  pages     = {37--66},
  year      = {2008},
  publisher = {SIAM}
}

@article{Le06,
  title     = {Random walks for image segmentation},
  author    = {Grady, Leo},
  journal   = {IEEE Transactions on Pattern Analysis and Machine Intelligence},
  volume    = {28},
  number    = {11},
  pages     = {1768--1783},
  year      = {2006},
  publisher = {IEEE}
}

@article{Hu06,
  title     = {{Mixing times with applications to perturbed Markov chains}},
  author    = {Hunter, Jeffrey J},
  journal   = {Linear Algebra and its Applications},
  volume    = {417},
  number    = {1},
  pages     = {108--123},
  year      = {2006},
  publisher = {Elsevier}
}

@article{JaOl15,
  title   = {Scaling Laws for Consensus Protocols Subject to Noise},
  author  = {Ali Jadbabaie and Alexander Olshevsky},
  journal = {IEEE Transactions on Automatic Control},
  year    = {2015},
  volume  = {64},
  pages   = {1389-1402}
}

@article{KlRa93,
  title     = {Resistance distance},
  author    = {Klein, Douglas J and Randi{\'c}, Milan},
  journal   = {Journal of Mathematical Chemistry},
  volume    = {12},
  number    = {1},
  pages     = {81--95},
  year      = {1993},
  publisher = {Springer}
}

@inproceedings{KoMiPe11,
  title        = {A nearly-$m$ log $n$ time solver for {SDD} linear systems},
  author       = {Koutis, Ioannis and Miller, Gary L and Peng, Richard},
  booktitle    = {Proc. IEEE 52nd Ann. Symp. Found. Comput. Sci.},
  pages        = {590--598},
  year         = {2011},
  organization = {IEEE}
}

@inproceedings{KySa16,
  title        = {Approximate {G}aussian elimination for {L}aplacians-fast, sparse, and simple},
  author       = {Kyng, Rasmus and Sachdeva, Sushant},
  booktitle    = {Proceedings of the IEEE 57th Annual Symposium on Foundations of Computer Science},
  pages        = {573--582},
  year         = {2016},
  organization = {IEEE}
}

@article{LaDeBa14,
  title     = {Random walks, Markov processes and the multiscale modular organization of complex networks},
  author    = {Lambiotte, Renaud and Delvenne, Jean-Charles and Barahona, Mauricio},
  journal   = {IEEE Transactions on Network Science and Engineering},
  volume    = {1},
  number    = {2},
  pages     = {76--90},
  year      = {2014},
  publisher = {IEEE}
}

@article{LeLo02,
  title               = {Kemeny's Constant and the Random Surfer},
  author              = {Levene, Mark and Loizou, George},
  journal             = {Am. Math. Mon.},
  jstor_issuetitle    = {},
  volume              = {109},
  number              = {8},
  jstor_formatteddate = {Oct., 2002},
  pages               = {741-745},
  issn                = {00029890},
  abstract            = {},
  language            = {English},
  year                = {2002},
  publisher           = {Mathematical Association of America}
}

@book{LePeWi09,
  title     = {{Markov Chains and Mixing Times}},
  author    = {Levin, David Asher and Peres, Yuval and Wilmer, Elizabeth Lee},
  year      = {2009},
  publisher = {American Mathematical Society, Providence, RI}
}

@inproceedings{LiSc18,
  title        = {Spectral Subspace Sparsification},
  author       = {Li, Huan and Schild, Aaron},
  booktitle    = {Proceedings of 2018 IEEE 59th Annual Symposium on Foundations of Computer Science},
  pages        = {385--396},
  year         = {2018},
  organization = {IEEE}
}

@article{LiZh13PRE,
  title     = {Random walks in weighted networks with a perfect trap: An application of {L}aplacian spectra},
  author    = {Lin, Yuan and Zhang, Zhongzhi},
  journal   = {Physical Review E},
  volume    = {87},
  number    = {6},
  pages     = {062140},
  year      = {2013},
  publisher = {APS}
}

@article{LiBr12,
  title     = {{Lean algebraic multigrid (LAMG): Fast graph Laplacian linear solver}},
  author    = {Livne, Oren E and Brandt, Achi},
  journal   = {SIAM J. Sci. Comput.},
  volume    = {34},
  number    = {4},
  pages     = {B499--B522},
  year      = {2012},
  publisher = {SIAM}
}

@article{Lo93,
  title   = {{Random walks on graphs: A survey}},
  author  = {Lov{\'a}sz, L{\'a}szl{\'o}},
  journal = {Combinatorics, Paul Erd\"{o}s is eighty},
  volume  = {2},
  number  = {1},
  pages   = {1--46},
  year    = {1993}
}

@inproceedings{MeZhCh08,
  title        = {Query suggestion using hitting time},
  author       = {Mei, Qiaozhu and Zhou, Dengyong and Church, Kenneth},
  booktitle    = {{Proceedings of the 17th ACM conference on Information and Knowledge Management}},
  pages        = {469--478},
  year         = {2008},
  organization = {ACM}
}

@article{Ne03,
  author  = {Newman, M. E. J.},
  title   = {{The structure and function of complex networks}},
  journal = {{SIAM Rev.}},
  year    = {{2003}},
  volume  = {{45}},
  number  = {{2}},
  pages   = {{167-256}},
  month   = {{Jun.}},
  doi     = {{10.1137/S003614450342480}},
  issn    = {{0036-1445}}
}

@article{Ne05,
  title     = {A measure of betweenness centrality based on random walks},
  author    = {Newman, Mark E. J.},
  journal   = {Social Networks},
  volume    = {27},
  number    = {1},
  pages     = {39--54},
  year      = {2005},
  publisher = {Elsevier}
}

@article{PaAgBu15,
  title     = {{Robotic surveillance and Markov chains with minimal weighted Kemeny constant}},
  author    = {Patel, Rushabh and Agharkar, Pushkarini and Bullo, Francesco},
  journal   = {IEEE Transatcions on Automatic Control},
  volume    = {60},
  number    = {12},
  pages     = {3156--3167},
  year      = {2015},
  publisher = {IEEE}
}

@article{SaDi12,
  title     = {The impact of mobility on gossip algorithms},
  author    = {Sarwate, Anand Dilip and Dimakis, Alexandros G},
  journal   = {IEEE Transactoins on  Information Theory},
  volume    = {58},
  number    = {3},
  pages     = {1731--1742},
  year      = {2012},
  publisher = {IEEE}
}

@inproceedings{Sp10,
  title        = {Algorithms, graph theory, and linear equations in Laplacian matrices},
  author       = {Spielman, Daniel A},
  booktitle    = {Proceedings of the International Congress of Mathematicians 2010 (ICM 2010) (In 4 Volumes) Vol. I: Plenary Lectures and Ceremonies Vols. II--IV: Invited Lectures},
  pages        = {2698--2722},
  year         = {2010},
  organization = {World Scientific}
}

@inproceedings{SpTe04,
  title        = {Nearly-linear time algorithms for graph partitioning, graph sparsification, and solving linear systems},
  author       = {Spielman, Daniel A and Teng, Shang-Hua},
  booktitle    = {Proceedings of the thirty-sixth Annual ACM Symposium on Theory of Computing},
  pages        = {81--90},
  year         = {2004},
  organization = {ACM}
}

@article{TeBeVo09,
  title     = {Global mean first-passage times of random walks on complex networks},
  author    = {Tejedor, V and B{\'e}nichou, O and Voituriez, R},
  journal   = {Physical Review E},
  volume    = {80},
  number    = {6},
  pages     = {065104},
  year      = {2009},
  publisher = {APS}
}

@article{Te91,
  title     = {Random walks and the effective resistance of networks},
  author    = {Tetali, Prasad},
  journal   = {Journal of Theoretical Probability},
  volume    = {4},
  number    = {1},
  pages     = {101--109},
  year      = {1991},
  publisher = {Springer}
}

@inproceedings{WhSm03,
  title     = {Algorithms for estimating relative importance in networks},
  author    = {White, Scott and Smyth, Padhraic},
  booktitle = {Proceedings of the ninth ACM SIGKDD International Conference on Knowledge Discovery and Data Mining},
  pages     = {266--275},
  year      = {2003}
}

@article{WuZhCh11,
  title     = {Random walks on dual {S}ierpi\'{n}ski gaskets},
  author    = {Wu, Shunqi and Zhang, Zhongzhi and Chen, Guanrong},
  journal   = {The European Physical Journal B},
  volume    = {82},
  number    = {1},
  pages     = {91--96},
  year      = {2011},
  publisher = {Springer}
}

@article{XiLiZh15,
  title     = {{Spectrum of walk matrix for Koch network and its application}},
  author    = {Xie, Pinchen and Lin, Yuan and Zhang, Zhongzhi},
  journal   = {Journal of Chemical Physics},
  volume    = {142},
  number    = {22},
  pages     = {224106},
  year      = {2015},
  publisher = {AIP Publishing}
}

@article{XiZhCo16,
  title     = {{On the spectrum of the normalized Laplacian of iterated triangulations of graphs}},
  author    = {Xie, Pinchen and Zhang, Zhongzhi and Comellas, Francesc},
  journal   = {Applied Mathematics and Computation},
  volume    = {273},
  pages     = {1123--1129},
  year      = {2016},
  publisher = {Elsevier}
}

@article{KrSiGu08,
  title   = {Near-optimal sensor placements in Gaussian processes: Theory, efficient algorithms and empirical studies.},
  author  = {Krause, Andreas and Singh, Ajit and Guestrin, Carlos},
  journal = {Journal of Machine Learning Research},
  volume  = {9},
  number  = {2},
  year    = {2008}
}

@article{RaChVe13,
  title   = {Near-Optimal Sensor Placement for Linear Inverse Problems},
  author  = {Juri Ranieri and Amina Chebira and Martin Vetterli},
  journal = {IEEE Transactions on Signal Processing},
  year    = {2013},
  volume  = {62},
  pages   = {1135-1146}
}

@article{DiChWaBa20,
  title   = {Sampling Of 3d Point Cloud Via Gershgorin Disc Alignment},
  author  = {Chinthaka Dinesh and Gene Cheung and Fen Wang and Ivan V. Baji{\'c}},
  journal = {2020 IEEE International Conference on Image Processing (ICIP)},
  year    = {2020},
  pages   = {2736-2740}
}

@article{ChTiFeVeKo17,
  title   = {Fast Resampling of Three-Dimensional Point Clouds via Graphs},
  author  = {Siheng Chen and Dong Tian and Chen Feng and Anthony Vetro and Jelena Kovacevic},
  journal = {IEEE Transactions on Signal Processing},
  year    = {2017},
  volume  = {66},
  pages   = {666-681}
}